<?xml version="1.0" encoding="UTF-8"?>
  <record xmlns="http://www.loc.gov/MARC21/slim" type="Authority">
    <leader>00000nz  a2200000nc 4500</leader>
    <controlfield tag="001">120806673</controlfield>
    <controlfield tag="003">DE-101</controlfield>
    <controlfield tag="005">20080406085221.0</controlfield>
    <controlfield tag="008">990201n||aznnnaabn           | aaa    |c</controlfield>
    <datafield tag="024" ind1="7" ind2=" ">
      <subfield code="a">120806673</subfield>
      <subfield code="0">http://d-nb.info/gnd/120806673</subfield>
      <subfield code="2">gnd</subfield>
    </datafield>
    <datafield tag="035" ind1=" " ind2=" ">
      <subfield code="a">(DE-101)120806673</subfield>
    </datafield>
    <datafield tag="035" ind1=" " ind2=" ">
      <subfield code="a">(DE-588)120806673</subfield>
    </datafield>
    <datafield tag="035" ind1=" " ind2=" ">
      <subfield code="z">(DE-588a)120806673</subfield>
      <subfield code="9">v:zg</subfield>
    </datafield>
    <datafield tag="040" ind1=" " ind2=" ">
      <subfield code="a">DE-12</subfield>
      <subfield code="c">DE-12</subfield>
      <subfield code="9">r:DE-12</subfield>
      <subfield code="b">ger</subfield>
      <subfield code="d">0012</subfield>
    </datafield>
    <datafield tag="042" ind1=" " ind2=" ">
      <subfield code="a">gnd1</subfield>
    </datafield>
    <datafield tag="075" ind1=" " ind2=" ">
      <subfield code="b">p</subfield>
      <subfield code="2">gndgen</subfield>
    </datafield>
    <datafield tag="075" ind1=" " ind2=" ">
      <subfield code="b">piz</subfield>
      <subfield code="2">gndspec</subfield>
    </datafield>
    <datafield tag="079" ind1=" " ind2=" ">
      <subfield code="a">g</subfield>
      <subfield code="q">a</subfield>
      <subfield code="q">f</subfield>
    </datafield>
    <datafield tag="100" ind1="1" ind2=" ">
      <subfield code="a">Moßbach von Lindenfels, Hans Heinrich</subfield>
      <subfield code="d">1571-1624</subfield>
    </datafield>
    <datafield tag="400" ind1="1" ind2=" ">
      <subfield code="a">Lindenfels, Hans Heinrich Moßbach &#152;von&#156;</subfield>
      <subfield code="d">1571-1624</subfield>
    </datafield>
    <datafield tag="400" ind1="1" ind2=" ">
      <subfield code="a">Moßbach von Lindenfelß, Hanß Heinrich</subfield>
      <subfield code="d">1571-1624</subfield>
    </datafield>
    <datafield tag="400" ind1="1" ind2=" ">
      <subfield code="a">Lindenfelß, Hanß Heinrich Moßbach &#152;von&#156;</subfield>
      <subfield code="d">1571-1624</subfield>
    </datafield>
    <datafield tag="400" ind1="1" ind2=" ">
      <subfield code="a">Mosbach von Lindenfels, Hans Heinrich</subfield>
      <subfield code="d">1571-1624</subfield>
    </datafield>
    <datafield tag="400" ind1="1" ind2=" ">
      <subfield code="a">Lindenfels, Hans Heinrich Mosbach &#152;von&#156;</subfield>
      <subfield code="d">1571-1624</subfield>
    </datafield>
    <datafield tag="400" ind1="1" ind2=" ">
      <subfield code="a">Moßbach von Lindenfels, Hans Henrich</subfield>
      <subfield code="d">1571-1624</subfield>
    </datafield>
    <datafield tag="400" ind1="1" ind2=" ">
      <subfield code="a">Lindenfels, Hans Henrich Moßbach &#152;von&#156;</subfield>
      <subfield code="d">1571-1624</subfield>
    </datafield>
    <datafield tag="400" ind1="1" ind2=" ">
      <subfield code="a">Mospach a Lindtenfels, Johannes Henricus</subfield>
      <subfield code="d">1571-1624</subfield>
    </datafield>
    <datafield tag="400" ind1="1" ind2=" ">
      <subfield code="a">Lindtenfels, Johannes Henricus Mospach &#152;a&#156;</subfield>
      <subfield code="d">1571-1624</subfield>
    </datafield>
    <datafield tag="400" ind1="1" ind2=" ">
      <subfield code="a">Moßbach de Lindenfels, Joh. Henricus</subfield>
      <subfield code="d">1571-1624</subfield>
    </datafield>
    <datafield tag="400" ind1="1" ind2=" ">
      <subfield code="a">Moßbach de Lindenfels, Johannes Henricus</subfield>
      <subfield code="d">1571-1624</subfield>
    </datafield>
    <datafield tag="400" ind1="1" ind2=" ">
      <subfield code="a">Lindenfels, Johannes Henricus Moßbach &#152;de&#156;</subfield>
      <subfield code="d">1571-1624</subfield>
    </datafield>
    <datafield tag="400" ind1="1" ind2=" ">
      <subfield code="a">Lindenfels, Joh. Henricus Moßbach &#152;de&#156;</subfield>
      <subfield code="d">1571-1624</subfield>
    </datafield>
    <datafield tag="400" ind1="1" ind2=" ">
      <subfield code="a">Moßbach von Lindenfels, Johann Heinrich</subfield>
      <subfield code="d">1571-1624</subfield>
    </datafield>
    <datafield tag="400" ind1="1" ind2=" ">
      <subfield code="a">Lindenfels, Johann Heinrich Moßbach &#152;von&#156;</subfield>
      <subfield code="d">1571-1624</subfield>
    </datafield>
    <datafield tag="400" ind1="1" ind2=" ">
      <subfield code="a">Mosbach von Lindenfels, Johann Heinrich</subfield>
      <subfield code="d">1571-1624</subfield>
    </datafield>
    <datafield tag="400" ind1="1" ind2=" ">
      <subfield code="a">Lindenfels, Johann Heinrich Mosbach &#152;von&#156;</subfield>
      <subfield code="d">1571-1624</subfield>
    </datafield>
    <datafield tag="400" ind1="1" ind2=" ">
      <subfield code="a">Moßbach, Hans Heinrich</subfield>
      <subfield code="d">1571-1624</subfield>
    </datafield>
    <datafield tag="400" ind1="1" ind2=" ">
      <subfield code="a">Moßbach, Johann Heinrich</subfield>
      <subfield code="d">1571-1624</subfield>
    </datafield>
    <datafield tag="400" ind1="1" ind2=" ">
      <subfield code="a">Moßbach, Johannes Heinrich</subfield>
      <subfield code="d">1571-1624</subfield>
    </datafield>
    <datafield tag="400" ind1="1" ind2=" ">
      <subfield code="a">Mosbach, Hans Heinrich</subfield>
      <subfield code="d">1571-1624</subfield>
    </datafield>
    <datafield tag="400" ind1="1" ind2=" ">
      <subfield code="a">Mosbach, Johann Heinrich</subfield>
      <subfield code="d">1571-1624</subfield>
    </datafield>
    <datafield tag="400" ind1="1" ind2=" ">
      <subfield code="a">Mosbach, Johannes Heinrich</subfield>
      <subfield code="d">1571-1624</subfield>
    </datafield>
    <datafield tag="548" ind1=" " ind2=" ">
      <subfield code="a">1571-1624</subfield>
      <subfield code="4">datl</subfield>
      <subfield code="4">https://d-nb.info/standards/elementset/gnd#dateOfBirthAndDeath</subfield>
      <subfield code="w">r</subfield>
      <subfield code="i">Lebensdaten</subfield>
    </datafield>
    <datafield tag="667" ind1=" " ind2=" ">
      <subfield code="a">VD-17</subfield>
    </datafield>
    <datafield tag="672" ind1=" " ind2="0">
      <subfield code="a">Hirsch, Ludwig: Christliche Leichpredigt ... - 1624</subfield>
    </datafield>
    <datafield tag="913" ind1=" " ind2=" ">
      <subfield code="S">pnd</subfield>
      <subfield code="i">a</subfield>
      <subfield code="a">Moßbach von Lindenfels, Hans Heinrich</subfield>
      <subfield code="0">(DE-588a)120806673</subfield>
    </datafield>
  </record>
